@article{Baumer,
  title={The Impact of College Athletic Success on Donations and Applicant Quality},
  author={Baumer, Benjamin and Zimbalist, Andrew},
  journal={International Journal of Financial Studies},
  volume={7},
  number={2},
  pages={19},
  year={2019},
  publisher={Multidisciplinary Digital Publishing Institute}
}, 

@misc{Berkowitz, 
title={College Finances}, url={https://sports.usatoday.com/ncaa/finances/}, 
journal={USA Today}, 
year={2018},
publisher={Gannett Satellite Information Network}, 
author={Berkowitz, Steve and Varney, Jim}
},

@misc{Berkowitz, 
title={College Football Head Coach Salaries}, url={https://sports.usatoday.com/ncaa/salaries/}, 
journal={USA Today}, 
publisher={Gannett Satellite Information Network}, 
author={Berkowitz, Steve and Varney, Jim}
},

@article{Caro,
  title={The great divide: Examining football revenue among FBS schools},
  author={Caro, Cary A and Benton, Clayton F},
  journal={International Journal of Sports Science \& Coaching},
  volume={7},
  number={2},
  pages={345--369},
  year={2012},
  publisher={SAGE Publications Sage UK: London, England}
},

@article{Cohen,
  title={The relationship between sustained success and donations for an athletic department with a premier football program},
  author={Cohen, Chris and Whisenant, Warren and Walsh, Patrick},
  journal={Public Organization Review},
  volume={11},
  number={3},
  pages={255--263},
  year={2011},
  publisher={Springer}
},

@article{Mcevoy,
  title={Factors influencing collegiate athletic department revenues},
  author={McEvoy, Chad D and Morse, Alan L and Shapiro, Stephen L},
  journal={Journal of Issues in Intercollegiate Athletics},
  volume={6},
  pages={249--267},
  year={2013}
},

@misc{Ncaa_2019, 
title={FCS Championship: Road to the championship}, url={https://www.ncaa.com/championships/football/fcs/road-to-the-championship}, 
journal={FCS Championship: Road to the championship}, publisher={NCAA.com}, 
author={NCAA}, 
year={2019}, 
month={Nov}
},

@misc{Parlier, 
title={College football history: Notable firsts and milestones}, url={https://www.ncaa.com/news/ncaa/article/2020-01-31/college-football-history-notable-firsts-and-milestones}, 
journal={NCAA.com}, 
publisher={NCAA}, 
author={Parlier, Spencer I}, 
year={2020}, 
month={Jan}
},

@article{Gladden,
  title={Toward a Better Understanding of College Athletic Donors: What are The Primary Motives?},
  author={Gladden, James M and Mahony, Daniel F and Apostolopoulou, Artemisia},
  journal={Sport Marketing Quarterly},
  volume={14},
  number={1},
  pages={18},
  year={2005}
},

@misc{Powell, 
title={Finances of Intercollegiate Athletics Database}, url={http://www.ncaa.org/about/resources/research/finances-intercollegiate-athletics-database}, 
journal={NCAA.org - The Official Site of the NCAA}, 
author={Powell, R}, 
year={2019}, 
month={Nov}
},

@misc{Sports2018, 
title={2018 School Ratings: College Football at Sports},
author={SportsReference,},
year={2018},
url={https://www.sports-reference.com/cfb/years/2018-ratings.html}, journal={SportsReference.com}
},

@misc{Sports2019, 
title={2019 School Ratings: College Football at Sports},
author={SportsReference,},
year={2019},
url={https://www.sports-reference.com/cfb/years/2019-ratings.html}, journal={SportsReference.com}
},

@misc{Thomas, 
title={Finances of Intercollegiate Athletics}, url={http://www.ncaa.org/about/resources/research/finances-intercollegiate-athletics}, 
journal={NCAA.org - The Official Site of the NCAA}, 
author={Thomas, D.}, 
year={2019}, 
month={Nov}
},

@article{Tucker,
  title={A reexamination of the effect of big-time football and basketball success on graduation rates and alumni giving rates},
  author={Tucker, Irvin B},
  journal={Economics of Education Review},
  volume={23},
  number={6},
  pages={655--661},
  year={2004},
  publisher={Elsevier}
},

@misc{Wikipedia_2020, 
title={College football national championships in NCAA Division I FBS}, url={https://en.wikipedia.org/wiki/College_football_national_championships_in_NCAA_Division_I_FBS}, 
journal={Wikipedia}, 
publisher={Wikimedia Foundation}, 
year={2020}, 
month={Apr}
},